%YAML 1.1
%TAG !u! tag:unity3d.com,2011:
--- !u!1 &3871053328405122752
GameObject:
  m_ObjectHideFlags: 0
  m_CorrespondingSourceObject: {fileID: 0}
  m_PrefabInstance: {fileID: 0}
  m_PrefabAsset: {fileID: 0}
  serializedVersion: 6
  m_Component:
  - component: {fileID: 3871053328405122753}
  - component: {fileID: 8098986751795147858}
  - component: {fileID: 3513934481526680052}
  m_Layer: 0
  m_Name: Double Colour Circle
  m_TagString: Point
  m_Icon: {fileID: 0}
  m_NavMeshLayer: 0
  m_StaticEditorFlags: 0
  m_IsActive: 1
--- !u!4 &3871053328405122753
Transform:
  m_ObjectHideFlags: 0
  m_CorrespondingSourceObject: {fileID: 0}
  m_PrefabInstance: {fileID: 0}
  m_PrefabAsset: {fileID: 0}
  m_GameObject: {fileID: 3871053328405122752}
  m_LocalRotation: {x: 0, y: 0, z: 0, w: 1}
  m_LocalPosition: {x: 0, y: 25.6, z: 0}
  m_LocalScale: {x: 1, y: 1, z: 1}
  m_Children:
  - {fileID: 5077778378934897079}
  - {fileID: 2885871297806142065}
  m_Father: {fileID: 0}
  m_RootOrder: 0
  m_LocalEulerAnglesHint: {x: 0, y: 0, z: 0}
--- !u!114 &8098986751795147858
MonoBehaviour:
  m_ObjectHideFlags: 0
  m_CorrespondingSourceObject: {fileID: 0}
  m_PrefabInstance: {fileID: 0}
  m_PrefabAsset: {fileID: 0}
  m_GameObject: {fileID: 3871053328405122752}
  m_Enabled: 1
  m_EditorHideFlags: 0
  m_Script: {fileID: 11500000, guid: b57b9c42c49a9804f8683f12835fb1f1, type: 3}
  m_Name: 
  m_EditorClassIdentifier: 
  rotationSpeed: 0
--- !u!58 &3513934481526680052
CircleCollider2D:
  m_ObjectHideFlags: 0
  m_CorrespondingSourceObject: {fileID: 0}
  m_PrefabInstance: {fileID: 0}
  m_PrefabAsset: {fileID: 0}
  m_GameObject: {fileID: 3871053328405122752}
  m_Enabled: 0
  m_Density: 1
  m_Material: {fileID: 0}
  m_IsTrigger: 0
  m_UsedByEffector: 0
  m_UsedByComposite: 0
  m_Offset: {x: 0, y: 0}
  serializedVersion: 2
  m_Radius: 1.5
--- !u!1001 &3871053330148297966
PrefabInstance:
  m_ObjectHideFlags: 0
  serializedVersion: 2
  m_Modification:
    m_TransformParent: {fileID: 3871053328405122753}
    m_Modifications:
    - target: {fileID: 2140356449332496024, guid: b832a20a148e1c74abd3688795dd1991, type: 3}
      propertyPath: rotationSpeed
      value: -100
      objectReference: {fileID: 0}
    - target: {fileID: 2140356449332496025, guid: b832a20a148e1c74abd3688795dd1991, type: 3}
      propertyPath: m_Name
      value: Big Colour Circle 1
      objectReference: {fileID: 0}
    - target: {fileID: 2140356449332496031, guid: b832a20a148e1c74abd3688795dd1991, type: 3}
      propertyPath: m_RootOrder
      value: 1
      objectReference: {fileID: 0}
    - target: {fileID: 2140356449332496031, guid: b832a20a148e1c74abd3688795dd1991, type: 3}
      propertyPath: m_LocalScale.x
      value: -0.3
      objectReference: {fileID: 0}
    - target: {fileID: 2140356449332496031, guid: b832a20a148e1c74abd3688795dd1991, type: 3}
      propertyPath: m_LocalPosition.x
      value: 0
      objectReference: {fileID: 0}
    - target: {fileID: 2140356449332496031, guid: b832a20a148e1c74abd3688795dd1991, type: 3}
      propertyPath: m_LocalPosition.y
      value: 0
      objectReference: {fileID: 0}
    - target: {fileID: 2140356449332496031, guid: b832a20a148e1c74abd3688795dd1991, type: 3}
      propertyPath: m_LocalPosition.z
      value: 0
      objectReference: {fileID: 0}
    - target: {fileID: 2140356449332496031, guid: b832a20a148e1c74abd3688795dd1991, type: 3}
      propertyPath: m_LocalRotation.w
      value: -0.37800223
      objectReference: {fileID: 0}
    - target: {fileID: 2140356449332496031, guid: b832a20a148e1c74abd3688795dd1991, type: 3}
      propertyPath: m_LocalRotation.x
      value: 0
      objectReference: {fileID: 0}
    - target: {fileID: 2140356449332496031, guid: b832a20a148e1c74abd3688795dd1991, type: 3}
      propertyPath: m_LocalRotation.y
      value: -0
      objectReference: {fileID: 0}
    - target: {fileID: 2140356449332496031, guid: b832a20a148e1c74abd3688795dd1991, type: 3}
      propertyPath: m_LocalRotation.z
      value: 0.92580473
      objectReference: {fileID: 0}
    - target: {fileID: 2140356449332496031, guid: b832a20a148e1c74abd3688795dd1991, type: 3}
      propertyPath: m_LocalEulerAnglesHint.x
      value: 0
      objectReference: {fileID: 0}
    - target: {fileID: 2140356449332496031, guid: b832a20a148e1c74abd3688795dd1991, type: 3}
      propertyPath: m_LocalEulerAnglesHint.y
      value: 0
      objectReference: {fileID: 0}
    - target: {fileID: 2140356449332496031, guid: b832a20a148e1c74abd3688795dd1991, type: 3}
      propertyPath: m_LocalEulerAnglesHint.z
      value: 224.42
      objectReference: {fileID: 0}
    m_RemovedComponents: []
  m_SourcePrefab: {fileID: 100100000, guid: b832a20a148e1c74abd3688795dd1991, type: 3}
--- !u!4 &2885871297806142065 stripped
Transform:
  m_CorrespondingSourceObject: {fileID: 2140356449332496031, guid: b832a20a148e1c74abd3688795dd1991, type: 3}
  m_PrefabInstance: {fileID: 3871053330148297966}
  m_PrefabAsset: {fileID: 0}
--- !u!1001 &3871053330205210430
PrefabInstance:
  m_ObjectHideFlags: 0
  serializedVersion: 2
  m_Modification:
    m_TransformParent: {fileID: 3871053328405122753}
    m_Modifications:
    - target: {fileID: 741689457494032852, guid: 0706e819fe519f04e9cd03c9e7832e89, type: 3}
      propertyPath: m_Enabled
      value: 0
      objectReference: {fileID: 0}
    - target: {fileID: 8344988647986806408, guid: 0706e819fe519f04e9cd03c9e7832e89, type: 3}
      propertyPath: rotationSpeed
      value: 100
      objectReference: {fileID: 0}
    - target: {fileID: 8344988647986806409, guid: 0706e819fe519f04e9cd03c9e7832e89, type: 3}
      propertyPath: m_RootOrder
      value: 0
      objectReference: {fileID: 0}
    - target: {fileID: 8344988647986806409, guid: 0706e819fe519f04e9cd03c9e7832e89, type: 3}
      propertyPath: m_LocalPosition.x
      value: 0
      objectReference: {fileID: 0}
    - target: {fileID: 8344988647986806409, guid: 0706e819fe519f04e9cd03c9e7832e89, type: 3}
      propertyPath: m_LocalPosition.y
      value: 0
      objectReference: {fileID: 0}
    - target: {fileID: 8344988647986806409, guid: 0706e819fe519f04e9cd03c9e7832e89, type: 3}
      propertyPath: m_LocalPosition.z
      value: 0
      objectReference: {fileID: 0}
    - target: {fileID: 8344988647986806409, guid: 0706e819fe519f04e9cd03c9e7832e89, type: 3}
      propertyPath: m_LocalRotation.w
      value: 0.38268343
      objectReference: {fileID: 0}
    - target: {fileID: 8344988647986806409, guid: 0706e819fe519f04e9cd03c9e7832e89, type: 3}
      propertyPath: m_LocalRotation.x
      value: 0
      objectReference: {fileID: 0}
    - target: {fileID: 8344988647986806409, guid: 0706e819fe519f04e9cd03c9e7832e89, type: 3}
      propertyPath: m_LocalRotation.y
      value: 0
      objectReference: {fileID: 0}
    - target: {fileID: 8344988647986806409, guid: 0706e819fe519f04e9cd03c9e7832e89, type: 3}
      propertyPath: m_LocalRotation.z
      value: 0.92387956
      objectReference: {fileID: 0}
    - target: {fileID: 8344988647986806409, guid: 0706e819fe519f04e9cd03c9e7832e89, type: 3}
      propertyPath: m_LocalEulerAnglesHint.x
      value: 0
      objectReference: {fileID: 0}
    - target: {fileID: 8344988647986806409, guid: 0706e819fe519f04e9cd03c9e7832e89, type: 3}
      propertyPath: m_LocalEulerAnglesHint.y
      value: 0
      objectReference: {fileID: 0}
    - target: {fileID: 8344988647986806409, guid: 0706e819fe519f04e9cd03c9e7832e89, type: 3}
      propertyPath: m_LocalEulerAnglesHint.z
      value: 135
      objectReference: {fileID: 0}
    - target: {fileID: 8344988647986806410, guid: 0706e819fe519f04e9cd03c9e7832e89, type: 3}
      propertyPath: m_Name
      value: Giant Colour Circle
      objectReference: {fileID: 0}
    m_RemovedComponents: []
  m_SourcePrefab: {fileID: 100100000, guid: 0706e819fe519f04e9cd03c9e7832e89, type: 3}
--- !u!4 &5077778378934897079 stripped
Transform:
  m_CorrespondingSourceObject: {fileID: 8344988647986806409, guid: 0706e819fe519f04e9cd03c9e7832e89, type: 3}
  m_PrefabInstance: {fileID: 3871053330205210430}
  m_PrefabAsset: {fileID: 0}
