%YAML 1.1
%TAG !u! tag:unity3d.com,2011:
--- !u!1 &8344988647549582942
GameObject:
  m_ObjectHideFlags: 0
  m_CorrespondingSourceObject: {fileID: 0}
  m_PrefabInstance: {fileID: 0}
  m_PrefabAsset: {fileID: 0}
  serializedVersion: 6
  m_Component:
  - component: {fileID: 8344988647549582941}
  - component: {fileID: 8344988647549582940}
  - component: {fileID: 7010323180751220550}
  m_Layer: 0
  m_Name: giant orange circle
  m_TagString: Orange
  m_Icon: {fileID: 0}
  m_NavMeshLayer: 0
  m_StaticEditorFlags: 0
  m_IsActive: 1
--- !u!4 &8344988647549582941
Transform:
  m_ObjectHideFlags: 0
  m_CorrespondingSourceObject: {fileID: 0}
  m_PrefabInstance: {fileID: 0}
  m_PrefabAsset: {fileID: 0}
  m_GameObject: {fileID: 8344988647549582942}
  m_LocalRotation: {x: -0, y: -0, z: -0, w: 1}
  m_LocalPosition: {x: 2.8, y: 2.8, z: 11.754504}
  m_LocalScale: {x: 1, y: 1, z: 1}
  m_Children: []
  m_Father: {fileID: 8344988647986806409}
  m_RootOrder: 1
  m_LocalEulerAnglesHint: {x: 0, y: 0, z: 0}
--- !u!212 &8344988647549582940
SpriteRenderer:
  m_ObjectHideFlags: 0
  m_CorrespondingSourceObject: {fileID: 0}
  m_PrefabInstance: {fileID: 0}
  m_PrefabAsset: {fileID: 0}
  m_GameObject: {fileID: 8344988647549582942}
  m_Enabled: 1
  m_CastShadows: 0
  m_ReceiveShadows: 0
  m_DynamicOccludee: 1
  m_MotionVectors: 1
  m_LightProbeUsage: 1
  m_ReflectionProbeUsage: 1
  m_RayTracingMode: 0
  m_RayTraceProcedural: 0
  m_RenderingLayerMask: 1
  m_RendererPriority: 0
  m_Materials:
  - {fileID: 10754, guid: 0000000000000000f000000000000000, type: 0}
  m_StaticBatchInfo:
    firstSubMesh: 0
    subMeshCount: 0
  m_StaticBatchRoot: {fileID: 0}
  m_ProbeAnchor: {fileID: 0}
  m_LightProbeVolumeOverride: {fileID: 0}
  m_ScaleInLightmap: 1
  m_ReceiveGI: 1
  m_PreserveUVs: 0
  m_IgnoreNormalsForChartDetection: 0
  m_ImportantGI: 0
  m_StitchLightmapSeams: 1
  m_SelectedEditorRenderState: 0
  m_MinimumChartSize: 4
  m_AutoUVMaxDistance: 0.5
  m_AutoUVMaxAngle: 89
  m_LightmapParameters: {fileID: 0}
  m_SortingLayerID: 0
  m_SortingLayer: 0
  m_SortingOrder: 0
  m_Sprite: {fileID: -4867099671633125365, guid: 7078eaad2a612e84f968709548b9ccf7, type: 3}
  m_Color: {r: 1, g: 1, b: 1, a: 1}
  m_FlipX: 0
  m_FlipY: 0
  m_DrawMode: 0
  m_Size: {x: 5.66, y: 5.66}
  m_AdaptiveModeThreshold: 0.5
  m_SpriteTileMode: 0
  m_WasSpriteAssigned: 1
  m_MaskInteraction: 0
  m_SpriteSortPoint: 0
--- !u!60 &7010323180751220550
PolygonCollider2D:
  m_ObjectHideFlags: 0
  m_CorrespondingSourceObject: {fileID: 0}
  m_PrefabInstance: {fileID: 0}
  m_PrefabAsset: {fileID: 0}
  m_GameObject: {fileID: 8344988647549582942}
  m_Enabled: 1
  m_Density: 1
  m_Material: {fileID: 0}
  m_IsTrigger: 0
  m_UsedByEffector: 0
  m_UsedByComposite: 0
  m_Offset: {x: 0, y: 0}
  m_SpriteTilingProperty:
    border: {x: 0, y: 0, z: 0, w: 0}
    pivot: {x: 0.5, y: 0.5}
    oldSize: {x: 5.66, y: 5.66}
    newSize: {x: 5.66, y: 5.66}
    adaptiveTilingThreshold: 0.5
    drawMode: 0
    adaptiveTiling: 0
  m_AutoTiling: 0
  m_Points:
    m_Paths:
    - - {x: 2.82, y: -2.23}
      - {x: 2.8, y: -2.06}
      - {x: 2.79, y: -1.99}
      - {x: 2.77, y: -1.86}
      - {x: 2.73, y: -1.65}
      - {x: 2.7, y: -1.51}
      - {x: 2.6799998, y: -1.43}
      - {x: 2.62, y: -1.22}
      - {x: 2.6, y: -1.14}
      - {x: 2.52, y: -0.90999997}
      - {x: 2.4099998, y: -0.63}
      - {x: 2.35, y: -0.48999998}
      - {x: 2.24, y: -0.26}
      - {x: 2.1599998, y: -0.099999994}
      - {x: 2.04, y: 0.11}
      - {x: 1.9399999, y: 0.26999998}
      - {x: 1.88, y: 0.35999998}
      - {x: 1.76, y: 0.53}
      - {x: 1.6999999, y: 0.61}
      - {x: 1.55, y: 0.78999996}
      - {x: 1.43, y: 0.93}
      - {x: 1.3199999, y: 1.05}
      - {x: 1.04, y: 1.3299999}
      - {x: 0.93, y: 1.43}
      - {x: 0.65, y: 1.67}
      - {x: 0.53, y: 1.76}
      - {x: 0.35, y: 1.88}
      - {x: 0.22, y: 1.9699999}
      - {x: 0.06, y: 2.07}
      - {x: -0.099999994, y: 2.1599998}
      - {x: -0.28, y: 2.25}
      - {x: -0.48999998, y: 2.35}
      - {x: -0.65, y: 2.4199998}
      - {x: -0.94, y: 2.53}
      - {x: -1.36, y: 2.6699998}
      - {x: -1.65, y: 2.73}
      - {x: -1.99, y: 2.79}
      - {x: -2.1299999, y: 2.81}
      - {x: -2.33, y: 2.83}
      - {x: -2.83, y: 2.83}
      - {x: -2.83, y: 2.04}
      - {x: -2.81, y: 2.02}
      - {x: -2.52, y: 2.02}
      - {x: -2.51, y: 2.01}
      - {x: -2.28, y: 1.99}
      - {x: -2.12, y: 1.9599999}
      - {x: -1.89, y: 1.93}
      - {x: -1.5799999, y: 1.86}
      - {x: -1.38, y: 1.8}
      - {x: -1.17, y: 1.73}
      - {x: -0.94, y: 1.64}
      - {x: -0.7, y: 1.53}
      - {x: -0.61, y: 1.48}
      - {x: -0.45999998, y: 1.4}
      - {x: -0.29, y: 1.3}
      - {x: -0.17999999, y: 1.23}
      - {x: 0.02, y: 1.1}
      - {x: 0.22999999, y: 0.94}
      - {x: 0.44, y: 0.76}
      - {x: 0.45, y: 0.76}
      - {x: 0.76, y: 0.45}
      - {x: 0.76, y: 0.44}
      - {x: 0.84, y: 0.35}
      - {x: 1.0799999, y: 0.049999997}
      - {x: 1.23, y: -0.17999999}
      - {x: 1.4, y: -0.45999998}
      - {x: 1.48, y: -0.61}
      - {x: 1.53, y: -0.7}
      - {x: 1.61, y: -0.87}
      - {x: 1.7199999, y: -1.14}
      - {x: 1.8299999, y: -1.48}
      - {x: 1.86, y: -1.5899999}
      - {x: 1.9, y: -1.76}
      - {x: 1.92, y: -1.8499999}
      - {x: 1.9699999, y: -2.1299999}
      - {x: 1.9799999, y: -2.2}
      - {x: 1.99, y: -2.28}
      - {x: 2, y: -2.3799999}
      - {x: 2.01, y: -2.51}
      - {x: 2.02, y: -2.52}
      - {x: 2.02, y: -2.8}
      - {x: 2.04, y: -2.83}
      - {x: 2.83, y: -2.83}
      - {x: 2.83, y: -2.33}
--- !u!1 &8344988647577567159
GameObject:
  m_ObjectHideFlags: 0
  m_CorrespondingSourceObject: {fileID: 0}
  m_PrefabInstance: {fileID: 0}
  m_PrefabAsset: {fileID: 0}
  serializedVersion: 6
  m_Component:
  - component: {fileID: 8344988647577567158}
  - component: {fileID: 8344988647577567157}
  - component: {fileID: 5731191678038812703}
  m_Layer: 0
  m_Name: giant blue circle
  m_TagString: Blue
  m_Icon: {fileID: 0}
  m_NavMeshLayer: 0
  m_StaticEditorFlags: 0
  m_IsActive: 1
--- !u!4 &8344988647577567158
Transform:
  m_ObjectHideFlags: 0
  m_CorrespondingSourceObject: {fileID: 0}
  m_PrefabInstance: {fileID: 0}
  m_PrefabAsset: {fileID: 0}
  m_GameObject: {fileID: 8344988647577567159}
  m_LocalRotation: {x: -0, y: -0, z: -0, w: 1}
  m_LocalPosition: {x: 2.8, y: -2.8, z: 11.754504}
  m_LocalScale: {x: 1, y: 1, z: 1}
  m_Children: []
  m_Father: {fileID: 8344988647986806409}
  m_RootOrder: 3
  m_LocalEulerAnglesHint: {x: 0, y: 0, z: 0}
--- !u!212 &8344988647577567157
SpriteRenderer:
  m_ObjectHideFlags: 0
  m_CorrespondingSourceObject: {fileID: 0}
  m_PrefabInstance: {fileID: 0}
  m_PrefabAsset: {fileID: 0}
  m_GameObject: {fileID: 8344988647577567159}
  m_Enabled: 1
  m_CastShadows: 0
  m_ReceiveShadows: 0
  m_DynamicOccludee: 1
  m_MotionVectors: 1
  m_LightProbeUsage: 1
  m_ReflectionProbeUsage: 1
  m_RayTracingMode: 0
  m_RayTraceProcedural: 0
  m_RenderingLayerMask: 1
  m_RendererPriority: 0
  m_Materials:
  - {fileID: 10754, guid: 0000000000000000f000000000000000, type: 0}
  m_StaticBatchInfo:
    firstSubMesh: 0
    subMeshCount: 0
  m_StaticBatchRoot: {fileID: 0}
  m_ProbeAnchor: {fileID: 0}
  m_LightProbeVolumeOverride: {fileID: 0}
  m_ScaleInLightmap: 1
  m_ReceiveGI: 1
  m_PreserveUVs: 0
  m_IgnoreNormalsForChartDetection: 0
  m_ImportantGI: 0
  m_StitchLightmapSeams: 1
  m_SelectedEditorRenderState: 0
  m_MinimumChartSize: 4
  m_AutoUVMaxDistance: 0.5
  m_AutoUVMaxAngle: 89
  m_LightmapParameters: {fileID: 0}
  m_SortingLayerID: 0
  m_SortingLayer: 0
  m_SortingOrder: 0
  m_Sprite: {fileID: 1410431851580123765, guid: 7078eaad2a612e84f968709548b9ccf7, type: 3}
  m_Color: {r: 1, g: 1, b: 1, a: 1}
  m_FlipX: 0
  m_FlipY: 0
  m_DrawMode: 0
  m_Size: {x: 5.66, y: 5.66}
  m_AdaptiveModeThreshold: 0.5
  m_SpriteTileMode: 0
  m_WasSpriteAssigned: 1
  m_MaskInteraction: 0
  m_SpriteSortPoint: 0
--- !u!60 &5731191678038812703
PolygonCollider2D:
  m_ObjectHideFlags: 0
  m_CorrespondingSourceObject: {fileID: 0}
  m_PrefabInstance: {fileID: 0}
  m_PrefabAsset: {fileID: 0}
  m_GameObject: {fileID: 8344988647577567159}
  m_Enabled: 1
  m_Density: 1
  m_Material: {fileID: 0}
  m_IsTrigger: 0
  m_UsedByEffector: 0
  m_UsedByComposite: 0
  m_Offset: {x: 0, y: 0}
  m_SpriteTilingProperty:
    border: {x: 0, y: 0, z: 0, w: 0}
    pivot: {x: 0.5, y: 0.5}
    oldSize: {x: 5.66, y: 5.66}
    newSize: {x: 5.66, y: 5.66}
    adaptiveTilingThreshold: 0.5
    drawMode: 0
    adaptiveTiling: 0
  m_AutoTiling: 0
  m_Points:
    m_Paths:
    - - {x: -1.86, y: -2.77}
      - {x: -1.65, y: -2.73}
      - {x: -1.52, y: -2.7}
      - {x: -1.28, y: -2.6399999}
      - {x: -1.14, y: -2.6}
      - {x: -1.0799999, y: -2.58}
      - {x: -0.90999997, y: -2.52}
      - {x: -0.7, y: -2.44}
      - {x: -0.58, y: -2.3899999}
      - {x: -0.29999998, y: -2.25}
      - {x: -0.28, y: -2.25}
      - {x: -0.01, y: -2.11}
      - {x: 0.04, y: -2.08}
      - {x: 0.11, y: -2.04}
      - {x: 0.29999998, y: -1.92}
      - {x: 0.53, y: -1.76}
      - {x: 0.79999995, y: -1.55}
      - {x: 0.95, y: -1.42}
      - {x: 1.3199999, y: -1.05}
      - {x: 1.43, y: -0.93}
      - {x: 1.67, y: -0.65}
      - {x: 1.76, y: -0.53}
      - {x: 1.92, y: -0.29}
      - {x: 1.99, y: -0.19}
      - {x: 2.08, y: -0.04}
      - {x: 2.1599998, y: 0.099999994}
      - {x: 2.25, y: 0.28}
      - {x: 2.35, y: 0.48999998}
      - {x: 2.4099998, y: 0.63}
      - {x: 2.46, y: 0.72999996}
      - {x: 2.56, y: 0.98999995}
      - {x: 2.62, y: 1.22}
      - {x: 2.6699998, y: 1.36}
      - {x: 2.74, y: 1.65}
      - {x: 2.75, y: 1.75}
      - {x: 2.8, y: 2.06}
      - {x: 2.82, y: 2.23}
      - {x: 2.83, y: 2.31}
      - {x: 2.83, y: 2.83}
      - {x: 2.03, y: 2.83}
      - {x: 2.02, y: 2.8}
      - {x: 2.02, y: 2.52}
      - {x: 2.01, y: 2.51}
      - {x: 1.9599999, y: 2.06}
      - {x: 1.9399999, y: 1.9399999}
      - {x: 1.89, y: 1.7099999}
      - {x: 1.79, y: 1.35}
      - {x: 1.74, y: 1.1999999}
      - {x: 1.64, y: 0.94}
      - {x: 1.52, y: 0.68}
      - {x: 1.48, y: 0.61}
      - {x: 1.4, y: 0.45999998}
      - {x: 1.23, y: 0.17}
      - {x: 1.1, y: -0.02}
      - {x: 0.94, y: -0.22999999}
      - {x: 0.76, y: -0.44}
      - {x: 0.76, y: -0.45}
      - {x: 0.45, y: -0.76}
      - {x: 0.44, y: -0.76}
      - {x: 0.29, y: -0.89}
      - {x: 0.13, y: -1.02}
      - {x: -0.17999999, y: -1.23}
      - {x: -0.39, y: -1.36}
      - {x: -0.45999998, y: -1.4}
      - {x: -0.61, y: -1.48}
      - {x: -0.7, y: -1.53}
      - {x: -0.84999996, y: -1.5999999}
      - {x: -1.12, y: -1.7199999}
      - {x: -1.1999999, y: -1.74}
      - {x: -1.5899999, y: -1.86}
      - {x: -1.8499999, y: -1.92}
      - {x: -2.06, y: -1.9599999}
      - {x: -2.2, y: -1.9799999}
      - {x: -2.28, y: -1.99}
      - {x: -2.3799999, y: -2}
      - {x: -2.51, y: -2.01}
      - {x: -2.52, y: -2.02}
      - {x: -2.81, y: -2.02}
      - {x: -2.83, y: -2.04}
      - {x: -2.83, y: -2.83}
      - {x: -2.33, y: -2.83}
      - {x: -2.22, y: -2.82}
      - {x: -1.99, y: -2.79}
--- !u!1 &8344988647986806410
GameObject:
  m_ObjectHideFlags: 0
  m_CorrespondingSourceObject: {fileID: 0}
  m_PrefabInstance: {fileID: 0}
  m_PrefabAsset: {fileID: 0}
  serializedVersion: 6
  m_Component:
  - component: {fileID: 8344988647986806409}
  - component: {fileID: 8344988647986806408}
  - component: {fileID: 741689457494032852}
  m_Layer: 0
  m_Name: Giant Colour Circle
  m_TagString: Point
  m_Icon: {fileID: 0}
  m_NavMeshLayer: 0
  m_StaticEditorFlags: 0
  m_IsActive: 1
--- !u!4 &8344988647986806409
Transform:
  m_ObjectHideFlags: 0
  m_CorrespondingSourceObject: {fileID: 0}
  m_PrefabInstance: {fileID: 0}
  m_PrefabAsset: {fileID: 0}
  m_GameObject: {fileID: 8344988647986806410}
  m_LocalRotation: {x: 0, y: 0, z: 0, w: 1}
  m_LocalPosition: {x: 0, y: 15.2, z: 0}
  m_LocalScale: {x: 0.3, y: 0.3, z: 1}
  m_Children:
  - {fileID: 8344988648306590654}
  - {fileID: 8344988647549582941}
  - {fileID: 8344988648624017987}
  - {fileID: 8344988647577567158}
  m_Father: {fileID: 0}
  m_RootOrder: 0
  m_LocalEulerAnglesHint: {x: 0, y: 0, z: 0}
--- !u!114 &8344988647986806408
MonoBehaviour:
  m_ObjectHideFlags: 0
  m_CorrespondingSourceObject: {fileID: 0}
  m_PrefabInstance: {fileID: 0}
  m_PrefabAsset: {fileID: 0}
  m_GameObject: {fileID: 8344988647986806410}
  m_Enabled: 1
  m_EditorHideFlags: 0
  m_Script: {fileID: 11500000, guid: b57b9c42c49a9804f8683f12835fb1f1, type: 3}
  m_Name: 
  m_EditorClassIdentifier: 
  rotationSpeed: 100
--- !u!58 &741689457494032852
CircleCollider2D:
  m_ObjectHideFlags: 0
  m_CorrespondingSourceObject: {fileID: 0}
  m_PrefabInstance: {fileID: 0}
  m_PrefabAsset: {fileID: 0}
  m_GameObject: {fileID: 8344988647986806410}
  m_Enabled: 1
  m_Density: 1
  m_Material: {fileID: 0}
  m_IsTrigger: 0
  m_UsedByEffector: 0
  m_UsedByComposite: 0
  m_Offset: {x: 0, y: 0}
  serializedVersion: 2
  m_Radius: 4.42
--- !u!1 &8344988648306590655
GameObject:
  m_ObjectHideFlags: 0
  m_CorrespondingSourceObject: {fileID: 0}
  m_PrefabInstance: {fileID: 0}
  m_PrefabAsset: {fileID: 0}
  serializedVersion: 6
  m_Component:
  - component: {fileID: 8344988648306590654}
  - component: {fileID: 8344988648306590653}
  - component: {fileID: 3076274018043637226}
  m_Layer: 0
  m_Name: giant purple circle
  m_TagString: Purple
  m_Icon: {fileID: 0}
  m_NavMeshLayer: 0
  m_StaticEditorFlags: 0
  m_IsActive: 1
--- !u!4 &8344988648306590654
Transform:
  m_ObjectHideFlags: 0
  m_CorrespondingSourceObject: {fileID: 0}
  m_PrefabInstance: {fileID: 0}
  m_PrefabAsset: {fileID: 0}
  m_GameObject: {fileID: 8344988648306590655}
  m_LocalRotation: {x: -0, y: -0, z: -0, w: 1}
  m_LocalPosition: {x: -2.8, y: 2.8, z: 11.754504}
  m_LocalScale: {x: 1, y: 1, z: 1}
  m_Children: []
  m_Father: {fileID: 8344988647986806409}
  m_RootOrder: 0
  m_LocalEulerAnglesHint: {x: 0, y: 0, z: 0}
--- !u!212 &8344988648306590653
SpriteRenderer:
  m_ObjectHideFlags: 0
  m_CorrespondingSourceObject: {fileID: 0}
  m_PrefabInstance: {fileID: 0}
  m_PrefabAsset: {fileID: 0}
  m_GameObject: {fileID: 8344988648306590655}
  m_Enabled: 1
  m_CastShadows: 0
  m_ReceiveShadows: 0
  m_DynamicOccludee: 1
  m_MotionVectors: 1
  m_LightProbeUsage: 1
  m_ReflectionProbeUsage: 1
  m_RayTracingMode: 0
  m_RayTraceProcedural: 0
  m_RenderingLayerMask: 1
  m_RendererPriority: 0
  m_Materials:
  - {fileID: 10754, guid: 0000000000000000f000000000000000, type: 0}
  m_StaticBatchInfo:
    firstSubMesh: 0
    subMeshCount: 0
  m_StaticBatchRoot: {fileID: 0}
  m_ProbeAnchor: {fileID: 0}
  m_LightProbeVolumeOverride: {fileID: 0}
  m_ScaleInLightmap: 1
  m_ReceiveGI: 1
  m_PreserveUVs: 0
  m_IgnoreNormalsForChartDetection: 0
  m_ImportantGI: 0
  m_StitchLightmapSeams: 1
  m_SelectedEditorRenderState: 0
  m_MinimumChartSize: 4
  m_AutoUVMaxDistance: 0.5
  m_AutoUVMaxAngle: 89
  m_LightmapParameters: {fileID: 0}
  m_SortingLayerID: 0
  m_SortingLayer: 0
  m_SortingOrder: 0
  m_Sprite: {fileID: -9152795156397031432, guid: 7078eaad2a612e84f968709548b9ccf7, type: 3}
  m_Color: {r: 1, g: 1, b: 1, a: 1}
  m_FlipX: 0
  m_FlipY: 0
  m_DrawMode: 0
  m_Size: {x: 5.66, y: 5.66}
  m_AdaptiveModeThreshold: 0.5
  m_SpriteTileMode: 0
  m_WasSpriteAssigned: 1
  m_MaskInteraction: 0
  m_SpriteSortPoint: 0
--- !u!60 &3076274018043637226
PolygonCollider2D:
  m_ObjectHideFlags: 0
  m_CorrespondingSourceObject: {fileID: 0}
  m_PrefabInstance: {fileID: 0}
  m_PrefabAsset: {fileID: 0}
  m_GameObject: {fileID: 8344988648306590655}
  m_Enabled: 1
  m_Density: 1
  m_Material: {fileID: 0}
  m_IsTrigger: 0
  m_UsedByEffector: 0
  m_UsedByComposite: 0
  m_Offset: {x: 0, y: 0}
  m_SpriteTilingProperty:
    border: {x: 0, y: 0, z: 0, w: 0}
    pivot: {x: 0.5, y: 0.5}
    oldSize: {x: 5.66, y: 5.66}
    newSize: {x: 5.66, y: 5.66}
    adaptiveTilingThreshold: 0.5
    drawMode: 0
    adaptiveTiling: 0
  m_AutoTiling: 0
  m_Points:
    m_Paths:
    - - {x: -2.01, y: -2.51}
      - {x: -1.9799999, y: -2.2}
      - {x: -1.9599999, y: -2.06}
      - {x: -1.93, y: -1.9}
      - {x: -1.88, y: -1.66}
      - {x: -1.79, y: -1.3399999}
      - {x: -1.74, y: -1.1999999}
      - {x: -1.64, y: -0.94}
      - {x: -1.53, y: -0.7}
      - {x: -1.48, y: -0.61}
      - {x: -1.4, y: -0.45999998}
      - {x: -1.3, y: -0.29}
      - {x: -1.23, y: -0.17999999}
      - {x: -1.1, y: 0.02}
      - {x: -0.94, y: 0.22999999}
      - {x: -0.76, y: 0.44}
      - {x: -0.76, y: 0.45}
      - {x: -0.45, y: 0.76}
      - {x: -0.44, y: 0.76}
      - {x: -0.22999999, y: 0.94}
      - {x: -0.049999997, y: 1.0799999}
      - {x: 0.17999999, y: 1.23}
      - {x: 0.28, y: 1.3}
      - {x: 0.45999998, y: 1.4}
      - {x: 0.61, y: 1.48}
      - {x: 0.7, y: 1.53}
      - {x: 0.87, y: 1.61}
      - {x: 1.12, y: 1.7099999}
      - {x: 1.28, y: 1.77}
      - {x: 1.5899999, y: 1.86}
      - {x: 1.9499999, y: 1.9399999}
      - {x: 2.28, y: 1.99}
      - {x: 2.3799999, y: 2}
      - {x: 2.51, y: 2.01}
      - {x: 2.52, y: 2.02}
      - {x: 2.81, y: 2.02}
      - {x: 2.83, y: 2.04}
      - {x: 2.83, y: 2.83}
      - {x: 2.33, y: 2.83}
      - {x: 2.1299999, y: 2.81}
      - {x: 2.06, y: 2.8}
      - {x: 1.81, y: 2.76}
      - {x: 1.75, y: 2.75}
      - {x: 1.7099999, y: 2.74}
      - {x: 1.51, y: 2.7}
      - {x: 1.43, y: 2.6799998}
      - {x: 1.22, y: 2.62}
      - {x: 1.11, y: 2.6}
      - {x: 0.9, y: 2.52}
      - {x: 0.63, y: 2.4099998}
      - {x: 0.32, y: 2.26}
      - {x: 0.29999998, y: 2.26}
      - {x: 0.01, y: 2.11}
      - {x: -0.11, y: 2.04}
      - {x: -0.26999998, y: 1.9399999}
      - {x: -0.35999998, y: 1.88}
      - {x: -0.53, y: 1.76}
      - {x: -0.61, y: 1.6999999}
      - {x: -0.79999995, y: 1.55}
      - {x: -0.95, y: 1.42}
      - {x: -1.3199999, y: 1.05}
      - {x: -1.49, y: 0.85999995}
      - {x: -1.5899999, y: 0.74}
      - {x: -1.67, y: 0.64}
      - {x: -1.81, y: 0.45}
      - {x: -1.9399999, y: 0.26}
      - {x: -2.04, y: 0.11}
      - {x: -2.11, y: -0.01}
      - {x: -2.1599998, y: -0.099999994}
      - {x: -2.26, y: -0.29999998}
      - {x: -2.35, y: -0.48999998}
      - {x: -2.4099998, y: -0.63}
      - {x: -2.49, y: -0.83}
      - {x: -2.54, y: -0.93}
      - {x: -2.6, y: -1.15}
      - {x: -2.6599998, y: -1.36}
      - {x: -2.73, y: -1.66}
      - {x: -2.75, y: -1.74}
      - {x: -2.81, y: -2.1299999}
      - {x: -2.83, y: -2.33}
      - {x: -2.83, y: -2.83}
      - {x: -2.04, y: -2.83}
      - {x: -2.03, y: -2.82}
      - {x: -2.02, y: -2.79}
      - {x: -2.02, y: -2.52}
--- !u!1 &8344988648624017988
GameObject:
  m_ObjectHideFlags: 0
  m_CorrespondingSourceObject: {fileID: 0}
  m_PrefabInstance: {fileID: 0}
  m_PrefabAsset: {fileID: 0}
  serializedVersion: 6
  m_Component:
  - component: {fileID: 8344988648624017987}
  - component: {fileID: 8344988648624017986}
  - component: {fileID: 5132101643226232880}
  m_Layer: 0
  m_Name: giant yellow circle
  m_TagString: Yellow
  m_Icon: {fileID: 0}
  m_NavMeshLayer: 0
  m_StaticEditorFlags: 0
  m_IsActive: 1
--- !u!4 &8344988648624017987
Transform:
  m_ObjectHideFlags: 0
  m_CorrespondingSourceObject: {fileID: 0}
  m_PrefabInstance: {fileID: 0}
  m_PrefabAsset: {fileID: 0}
  m_GameObject: {fileID: 8344988648624017988}
  m_LocalRotation: {x: -0, y: -0, z: -0, w: 1}
  m_LocalPosition: {x: -2.8, y: -2.8, z: 11.754504}
  m_LocalScale: {x: 1, y: 1, z: 1}
  m_Children: []
  m_Father: {fileID: 8344988647986806409}
  m_RootOrder: 2
  m_LocalEulerAnglesHint: {x: 0, y: 0, z: 0}
--- !u!212 &8344988648624017986
SpriteRenderer:
  m_ObjectHideFlags: 0
  m_CorrespondingSourceObject: {fileID: 0}
  m_PrefabInstance: {fileID: 0}
  m_PrefabAsset: {fileID: 0}
  m_GameObject: {fileID: 8344988648624017988}
  m_Enabled: 1
  m_CastShadows: 0
  m_ReceiveShadows: 0
  m_DynamicOccludee: 1
  m_MotionVectors: 1
  m_LightProbeUsage: 1
  m_ReflectionProbeUsage: 1
  m_RayTracingMode: 0
  m_RayTraceProcedural: 0
  m_RenderingLayerMask: 1
  m_RendererPriority: 0
  m_Materials:
  - {fileID: 10754, guid: 0000000000000000f000000000000000, type: 0}
  m_StaticBatchInfo:
    firstSubMesh: 0
    subMeshCount: 0
  m_StaticBatchRoot: {fileID: 0}
  m_ProbeAnchor: {fileID: 0}
  m_LightProbeVolumeOverride: {fileID: 0}
  m_ScaleInLightmap: 1
  m_ReceiveGI: 1
  m_PreserveUVs: 0
  m_IgnoreNormalsForChartDetection: 0
  m_ImportantGI: 0
  m_StitchLightmapSeams: 1
  m_SelectedEditorRenderState: 0
  m_MinimumChartSize: 4
  m_AutoUVMaxDistance: 0.5
  m_AutoUVMaxAngle: 89
  m_LightmapParameters: {fileID: 0}
  m_SortingLayerID: 0
  m_SortingLayer: 0
  m_SortingOrder: 0
  m_Sprite: {fileID: -6776613283872632048, guid: 7078eaad2a612e84f968709548b9ccf7, type: 3}
  m_Color: {r: 1, g: 1, b: 1, a: 1}
  m_FlipX: 0
  m_FlipY: 0
  m_DrawMode: 0
  m_Size: {x: 5.66, y: 5.66}
  m_AdaptiveModeThreshold: 0.5
  m_SpriteTileMode: 0
  m_WasSpriteAssigned: 1
  m_MaskInteraction: 0
  m_SpriteSortPoint: 0
--- !u!60 &5132101643226232880
PolygonCollider2D:
  m_ObjectHideFlags: 0
  m_CorrespondingSourceObject: {fileID: 0}
  m_PrefabInstance: {fileID: 0}
  m_PrefabAsset: {fileID: 0}
  m_GameObject: {fileID: 8344988648624017988}
  m_Enabled: 1
  m_Density: 1
  m_Material: {fileID: 0}
  m_IsTrigger: 0
  m_UsedByEffector: 0
  m_UsedByComposite: 0
  m_Offset: {x: 0, y: 0}
  m_SpriteTilingProperty:
    border: {x: 0, y: 0, z: 0, w: 0}
    pivot: {x: 0.5, y: 0.5}
    oldSize: {x: 5.66, y: 5.66}
    newSize: {x: 5.66, y: 5.66}
    adaptiveTilingThreshold: 0.5
    drawMode: 0
    adaptiveTiling: 0
  m_AutoTiling: 0
  m_Points:
    m_Paths:
    - - {x: 2.52, y: -2.02}
      - {x: 2.51, y: -2.01}
      - {x: 2.1299999, y: -1.9699999}
      - {x: 1.8399999, y: -1.92}
      - {x: 1.75, y: -1.9}
      - {x: 1.55, y: -1.8499999}
      - {x: 1.23, y: -1.75}
      - {x: 1.12, y: -1.7099999}
      - {x: 0.98999995, y: -1.66}
      - {x: 0.84999996, y: -1.5999999}
      - {x: 0.61, y: -1.48}
      - {x: 0.45999998, y: -1.4}
      - {x: 0.32, y: -1.3199999}
      - {x: 0.17, y: -1.23}
      - {x: -0.01, y: -1.1}
      - {x: -0.22999999, y: -0.94}
      - {x: -0.44, y: -0.76}
      - {x: -0.45, y: -0.76}
      - {x: -0.76, y: -0.45}
      - {x: -0.76, y: -0.44}
      - {x: -0.94, y: -0.22999999}
      - {x: -1.0799999, y: -0.049999997}
      - {x: -1.3, y: 0.28}
      - {x: -1.4, y: 0.45999998}
      - {x: -1.48, y: 0.61}
      - {x: -1.53, y: 0.7}
      - {x: -1.5999999, y: 0.84999996}
      - {x: -1.66, y: 0.98999995}
      - {x: -1.7099999, y: 1.13}
      - {x: -1.78, y: 1.31}
      - {x: -1.86, y: 1.5899999}
      - {x: -1.92, y: 1.8499999}
      - {x: -1.9599999, y: 2.06}
      - {x: -1.9799999, y: 2.2}
      - {x: -1.99, y: 2.28}
      - {x: -2, y: 2.3799999}
      - {x: -2.01, y: 2.51}
      - {x: -2.02, y: 2.52}
      - {x: -2.02, y: 2.79}
      - {x: -2.04, y: 2.83}
      - {x: -2.83, y: 2.83}
      - {x: -2.83, y: 2.34}
      - {x: -2.82, y: 2.22}
      - {x: -2.8, y: 2.06}
      - {x: -2.77, y: 1.86}
      - {x: -2.73, y: 1.65}
      - {x: -2.7, y: 1.51}
      - {x: -2.6799998, y: 1.43}
      - {x: -2.59, y: 1.0799999}
      - {x: -2.47, y: 0.78}
      - {x: -2.3799999, y: 0.56}
      - {x: -2.26, y: 0.29999998}
      - {x: -2.11, y: 0.01}
      - {x: -2.08, y: -0.04}
      - {x: -2.04, y: -0.11}
      - {x: -1.92, y: -0.29999998}
      - {x: -1.76, y: -0.53}
      - {x: -1.6999999, y: -0.61}
      - {x: -1.55, y: -0.79999995}
      - {x: -1.42, y: -0.95}
      - {x: -1.05, y: -1.3199999}
      - {x: -0.85999995, y: -1.49}
      - {x: -0.74, y: -1.5899999}
      - {x: -0.53, y: -1.76}
      - {x: -0.35, y: -1.88}
      - {x: -0.19, y: -1.99}
      - {x: -0.04, y: -2.08}
      - {x: 0.099999994, y: -2.1599998}
      - {x: 0.28, y: -2.25}
      - {x: 0.29999998, y: -2.25}
      - {x: 0.63, y: -2.4099998}
      - {x: 0.72999996, y: -2.45}
      - {x: 0.94, y: -2.53}
      - {x: 1.22, y: -2.62}
      - {x: 1.52, y: -2.7}
      - {x: 1.66, y: -2.73}
      - {x: 1.86, y: -2.77}
      - {x: 1.99, y: -2.79}
      - {x: 2.1399999, y: -2.81}
      - {x: 2.23, y: -2.82}
      - {x: 2.33, y: -2.83}
      - {x: 2.83, y: -2.83}
      - {x: 2.83, y: -2.04}
      - {x: 2.81, y: -2.02}
